<?xml version="1.0" encoding="UTF-8"?><collection xmlns="http://www.loc.gov/MARC21/slim"><record><leader>00531nam--2200181-i-4500</leader><controlfield tag="001">000004814</controlfield><controlfield tag="002">20161230</controlfield><controlfield tag="005">20161230201026</controlfield><controlfield tag="008">060222s1000------------r-----000-0-fre-d</controlfield><datafield ind1=" " ind2=" " tag="040"><subfield code="a">IFIN-HH</subfield></datafield><datafield ind1=" " ind2=" " tag="041"><subfield code="a">fre</subfield></datafield><datafield ind1="1" ind2=" " tag="100"><subfield code="a">Brun, Edmond A</subfield></datafield><datafield ind1="1" ind2="0" tag="245"><subfield code="a">Mecanique des fluides</subfield><subfield code="b">Tome. 1. fascicule 2: ecoulement a une dimension - conduites</subfield><subfield code="c">Edmond a. brun, andre martinot-lagarde, jean mathieu</subfield></datafield><datafield ind1=" " ind2=" " tag="260"><subfield code="a">Paris, Dunod, 1960</subfield></datafield><datafield ind1=" " ind2=" " tag="300"><subfield code="a">582 p.</subfield></datafield><datafield ind1="1" ind2=" " tag="700"><subfield code="a">Mathieu, Jean</subfield></datafield><datafield ind1=" " ind2=" " tag="852"><subfield code="a">14756</subfield><subfield code="c">532</subfield></datafield><datafield ind1=" " ind2=" " tag="CAT"><subfield code="a">Sys</subfield><subfield code="c">20100713</subfield><subfield code="h">102629</subfield></datafield></record></collection>